@online{ref-7,
  author = {M. Allouzi},
  title = {Programming Assignment 2: Using Mininet and Mininet Python API: Instructions},
  note = {lecture notes, Software defined networking Kent State University},
  year = 2015,
  url = {http://www.cs.kent.edu/~mallouzi/Software%20Defined%20Networking/Assignment2.pdf},
  urldate = {2018-03-28}
}

@article{ref-2,
  title={An overview on SDN architectures with multiple controllers},
  author={Blial, Othmane and Ben Mamoun, Mouad and Benaini, Redouane},
  journal={Journal of Computer Networks and Communications},
  volume={2016},
  year={2016},
  publisher={Hindawi}
}

@inproceedings{ref-1,
  title={Efficient load balancing for multi-controller in SDN-based mission-critical networks},
  author={Hai, Nguyen Tien and Kim, Dong-Seong},
  booktitle={Industrial Informatics (INDIN), 2016 IEEE 14th International Conference on},
  pages={420--425},
  year={2016},
  organization={IEEE}
}

@inproceedings{ref-9,
  title={Disco: Distributed sdn controllers in a multi-domain environment},
  author={Phemius, K{\'e}vin and Bouet, Mathieu and Leguay, J{\'e}r{\'e}mie},
  booktitle={Network Operations and Management Symposium (NOMS), 2014 IEEE},
  pages={1--2},
  year={2014},
  organization={IEEE}
}

@online{ref-4,
  author = {{GitHub.com}},
  title = {Introduction to Mininet},
  year = {n.d.},
  url = {https://github.com/mininet/mininet/wiki/Introduction-to-Mininet#controllers},
  urldate = {2018-04-03}
}

@online{ref-3,
  author = {{GitHub.com}},
  title = {mininet},
  year = 2016,
  url = {https://github.com/mininet/mininet/blob/master/examples/controllers2.py},
  urldate = {2018-03-28}
}

@online{ref-6,
  author = {{GitHub.com}},
  title = {mininet},
  year = 2016,
  url = {https://github.com/mininet/mininet/blob/master/examples/controllers.py},
  urldate = {2018-03-28}
}

@online{ref-8,
  author = {{Wiki.opendaylight.org}},
  title = {OpenDaylight OpenFlow Plugin::Mininet with multiple controllers},
  year = {n.d.},
  url = {https://wiki.opendaylight.org/view/OpenDaylight_OpenFlow_Plugin::Mininet_with_multiple_controllers},
  urldate = {2018-04-12}
}

@online{ref-5,
  author = {{GitHub.com}},
  title = {Reg:Mininet with multiple external Remote controllers - Issue \#319},
  year = 2014,
  url = {https://github.com/mininet/mininet/issues/319},
  urldate = {2018-03-30}
}
